<record><leader>00000cas a22000007a 4500</leader><controlfield tag="001">19907136</controlfield><controlfield tag="008">890621d18591861mauwr ne      0    0eng d</controlfield><datafield ind1=" " ind2=" " tag="010"><subfield code="a">sn 89062097 </subfield></datafield><datafield ind1=" " ind2=" " tag="040"><subfield code="a">MGN</subfield><subfield code="b">eng</subfield><subfield code="c">MGN</subfield><subfield code="d">HHG</subfield><subfield code="d">OCLCQ</subfield><subfield code="d">OCLCF</subfield><subfield code="d">OCLCO</subfield></datafield><datafield ind1=" " ind2=" " tag="042"><subfield code="a">msc</subfield></datafield><datafield ind1=" " ind2=" " tag="043"><subfield code="a">n-us-ma</subfield></datafield><datafield ind1=" " ind2="4" tag="050"><subfield code="a">F74.M9</subfield><subfield code="b">M95</subfield></datafield><datafield ind1="0" ind2="0" tag="245"><subfield code="a">Mt. Auburn memorial.</subfield></datafield><datafield ind1="3" ind2="0" tag="246"><subfield code="a">Mount Auburn memorial</subfield></datafield><datafield ind1=" " ind2=" " tag="260"><subfield code="a">[Cambridge, Mass.] :</subfield><subfield code="b">T.H. &amp; D.F. Safford</subfield></datafield><datafield ind1=" " ind2=" " tag="300"><subfield code="a">v.</subfield></datafield><datafield ind1=" " ind2=" " tag="310"><subfield code="a">Weekly</subfield></datafield><datafield ind1="0" ind2=" " tag="362"><subfield code="a">Vol. 1, no. 1 (June 15, 1859)-v. 2, no. 39 (Mar. 27, 1861).</subfield></datafield><datafield ind1=" " ind2=" " tag="500"><subfield code="a">A newspaper published to promote Mount Auburn Cemetery in Cambridge and Watertown, Mass. The information, including advertisements, biographical articles, editorials, poetry, stories, and obituaries, pertains soley to the cemetery.</subfield></datafield><datafield ind1=" " ind2="0" tag="650"><subfield code="a">Cemeteries</subfield><subfield code="z">Massachusetts.</subfield></datafield><datafield ind1=" " ind2="7" tag="650"><subfield code="a">Cemeteries.</subfield><subfield code="2">fast</subfield><subfield code="0">(OCoLC)fst00850521</subfield></datafield><datafield ind1=" " ind2="7" tag="651"><subfield code="a">Massachusetts.</subfield><subfield code="2">fast</subfield><subfield code="0">(OCoLC)fst01204307</subfield></datafield><datafield ind1=" " ind2=" " tag="752"><subfield code="a">United States</subfield><subfield code="b">Massachusetts</subfield><subfield code="c">Middlesex</subfield><subfield code="d">Cambridge.</subfield></datafield><datafield ind1=" " ind2=" " tag="752"><subfield code="a">United States</subfield><subfield code="b">Massachusetts</subfield><subfield code="c">Middlesex</subfield><subfield code="d">Watertown.</subfield></datafield><datafield ind1=" " ind2=" " tag="752"><subfield code="a">United States</subfield><subfield code="b">Massachusetts</subfield><subfield code="c">Suffolk</subfield><subfield code="d">Boston.</subfield></datafield></record>